<?xml version="1.0" encoding="UTF-8"?><record xmlns="http://www.loc.gov/MARC21/slim" xmlns:cinclude="http://apache.org/cocoon/include/1.0" xmlns:zs="http://www.loc.gov/zing/srw/">
  <leader>00500cz  a2200133n  4500</leader>
  <controlfield tag="001">n 2004023179</controlfield>
  <controlfield tag="003">DLC</controlfield>
  <controlfield tag="005">20040120161857.0</controlfield>
  <controlfield tag="008">040120n| acannaabn          |n aaa      </controlfield>
  <datafield tag="010" ind1=" " ind2=" ">
    <subfield code="a">n 2004023179</subfield>
  </datafield>
  <datafield tag="040" ind1=" " ind2=" ">
    <subfield code="a">DLC</subfield>
    <subfield code="b">eng</subfield>
    <subfield code="c">DLC</subfield>
  </datafield>
  <datafield tag="100" ind1="1" ind2=" ">
    <subfield code="a">Sarrazin, Dominique,</subfield>
    <subfield code="d">1959-</subfield>
  </datafield>
  <datafield tag="670" ind1=" " ind2=" ">
    <subfield code="a">Boucher, Micheline. De feu et de froid, 1996:</subfield>
    <subfield code="b">t.p. (Dominique Sarrazin) p. [5] (b. in Québec, lives in Montréal; maîtrise en arts plastiques, Univ. du Québec)</subfield>
  </datafield>
  <datafield tag="670" ind1=" " ind2=" ">
    <subfield code="a">NLC authority file</subfield>
    <subfield code="b">(Dominique Sarrazin, 1959-)</subfield>
  </datafield>
</record>